@book{mastering_django,
	title={Mastering Django: Core The New Django Book Updated for Django 1.8LTS},
	author={Nigel George},
	publisher={http://www.masteringdjango.com},
	year={2016},
}

@book{rusz_glowa-android,
	title={Rusz głową! Android},
	author={Dawn Griffiths i David Griffiths},
	publisher={Helion},
	year={2016},
}

@book{java-podstawy,
	title={JAVA Podstawy. Wydanie IX},
	author={Cay S. Horstmann},
	publisher={Helion},
	year={2013},
}

@book{python_wprowadzenie,
	title={Python. Wprowadzenie. Wydanie IV},
	author={Mark Lutz},
	publisher={Helion},
	year={2011},
}

@manual{dokumentacja-django,
	title={Dokumentacja Django},
	site={http://docs.djangoproject.com},
	organization={Django Software Foundation},
}

@book{head_first-patterns,
	title={Head First Design Patterns},
	author={Eric Freeman i Elisabeth Freeman},
	publisher={Helion},
	year={2004},
}

@book{learning_postgresql,
	title={Learning PostgreSQL},
	author={Salahaldin Juba},
	publisher={PACKT},
	year={2015},
}

@manual{dokumentacja-django_rest,
	title={Dokumentacja Django REST framework},
	site={www.django-rest-framework.org},
	organization={Django REST framework},
}

@book{goodliffe,
	title={Jak stać się lepszym programistą},
	author={Pete Goodliffe},
	publisher={Helion},
	year={2015},
}

@book{biblia_ebiznesu,
	title={Biblia e-biznesu},
	author={Marcin Cichoń i inni},
	publisher={Helion},
	year={2013},
}

@book{pieniadz_elektroniczny-analiza,
	title={Pieniądz elektroniczny pieniądz przyszłości – analiza ekonomiczno-prawna},
	author={Artur Borcuch},
	year={2007},
	publisher={CeDeWu},
}

@book{elektroniczne_metody_platnosci,
	title={Elektroniczne metody płatności. Istota, rozwój, prognoza},
	author={Bartłomiej Chinowski},
	year={2013},
	publisher={CEDUR},
}

@misc{barometr_radio,
	title = {Barometr e-commerce 2016},
	author = {polskieradio.pl},
	howpublished = {\url{http://www.polskieradio.pl/42/273/Artykul/1571779,Barometr-ecommerce-2016}},
	note = {Dostęp: 21-11-2016}
}

@misc{ruch_mobilny-internet,
	title = {W 2017 roku smartfony i tablety będą odpowiedzialne za 75\% ruchu w internecie},
	author = {Karol Kunat},
	howpublished = {\url{https://www.tabletowo.pl/2016/10/31/w-2017-roku-smartfony-i-tablety-beda-odpowiedzialne-za-75-ruchu-w-internecie/}},
	note = {Dostęp: 21-11-2016}
}
